@book{physicsbook,
    title = {Physik f체r die Berufsmaturit채t},
    author = {{Ruben M채der, David Kamber, Remo H채uselmann}},
    edition = 2,
    address = {Bern},
    publisher = {Hep Verlag},
    year = {2017, S. 105},
    editor = {Peter Raeber}
}
